@misc{green_ai_ust,
	title = {What is Green AI?},
	author = {{UST}},
	howpublished = {\url{https://www.ust.com/en/ust-explainers/what-is-green-ai}},
	year = {2023},
	note = {Accessed: 11 de septiembre de 2025}
}

@misc{exploring_carbon_footprint,
	title = {Exploring the Carbon Footprint of Hugging Faceâ€™s
		ML Models: A Repository Mining Study},
	author = {{UST}},
	howpublished = {\url{https://arxiv.org/pdf/2305.11164}},
	year = {2023},
	note = {Accessed: 11 de septiembre de 2025}
}